<?xml version="1.0" encoding="UTF-8"?><collection xmlns="http://www.loc.gov/MARC21/slim"><record><leader>00413nam--2200121-i-4500</leader><controlfield tag="001">000037053</controlfield><controlfield tag="002">20161230</controlfield><controlfield tag="005">20161230201041</controlfield><controlfield tag="008">060222s1000------------r-----000-0-eng-d</controlfield><datafield ind1=" " ind2=" " tag="245"><subfield code="a">Probleme de automatizare. a doua consfatuire asupra automatizarilor industriale din r.p.r. (5-8 iunie 1957)</subfield></datafield><datafield ind1=" " ind2=" " tag="260"><subfield code="a">Bucuresti, Ed.Acad.R.S.R., 1960. 344p</subfield></datafield><datafield ind1=" " ind2=" " tag="490"><subfield code="a">Pentru Continuare Vezi: Probleme De Automatizare</subfield></datafield><datafield ind1=" " ind2=" " tag="852"><subfield code="a">1854</subfield></datafield></record></collection>